@preamble{"\newcommand{\bibfont}{\fontsize{10}{12}\selectfont} "
         # "\newcommand{\noopsort}[1]{} "
     # "\newcommand{\printfirst}[2]{#1} "
     # "\newcommand{\singleletter}[1]{#1} "
     # "\newcommand{\switchargs}[2]{#2#1} " }



@INCOLLECTION{glov00,
   author = {Fred Glover},
   chaptertitle = {Multi-start and strategic oscillation methods---principles to exploit adaptive memory},
   editor = {Manuel Laguna and Jos\'{e} Luis  Gonz\'{a}les-Velarde},
   booktitle = {Computing Tools for Modeling, Optimization and Simulation: Interfaces in Computer Science and Operations Research},
   number = {},
   series = {},
   chapter = {},
   type = {},
   pages = "1--24",
   publisher = {Kluwer Academic},
   address = {Boston, MA},
   edition = {2nd},
   month = {},
   year = 2000,
   note = {},}

@UNPUBLISHED{aiex02,
   author = {Renata M. Aiex and Mauricio G. C. Resende and Celso C. Ribeiro},
   title = {Probability distribution of solution time in GRASP: an experimental investigation},
   month = {},
   year = "2002",
   howpublished = {Available online at: www.graspintime.com},
   note = "accessed 23 October 2003",
   }

@TRANSLATEDBOOK{fzf88,
   author = {F. French},
   chaptertitle = {English title of a chapter in the translation of a book in a foreign language},
   booktitle = {Title of a Book in Another Language (Quoted in that Language)},
   volume = {},
   series = {},
   publisher = {Dover},
   address = {New York},
   month = {},
   year = {1988},
   edition = {{P.} {S}mith ({T}ransl.)},
   note = "original work published 1923",}



@BOOK{fwp88,
   author = {F. W. Patel},
   title = {Title of a Book},
   volume = {II},
   series = {Mongraphs on Technical Aspects},
   publisher = {Dover},
   address = {New York},
   edition = {},
   month = {},
   year = {1988},
   note = {},}


@ARTICLE{ed84,
   author = "D. M. F. Edwards and Paul A. Madden and Ian R. McDonald",
   title = "Nanotechnology in fibrous materials---a new perspective",
   journal = "Textile Progress",
   month = "March",
   number = "3",
   year = "1984",
   volume = "51",
   pages = "1141--1151",
   note = {}, }


@INBOOK {mtw73,
   author = {},
   title = {Gravitation},
   editor = "Charles W. Misner",
   chapter = {Efficient algorithms for layer assignment problems},
   volume = {5},
   series = {Einstein's Legacy},
   publisher = {Freeman},
   address = {San Francisco, CA},
   edition = {2nd},
   pages = "231--256",
   month = {},
   year = {1973},
   note = {},}


@INPROCEEDINGS{hk96,
   author = "Hudson Kern",
   title = "The resurgent Japanese economy and a Japan--United States free trade agreement",
   booktitle = "4th International Conference on the Restructuring of the Economic and Political System in Japan and Europe",
   location = "Milan, Italy",
   number = "",
   series = "",
   pages ={147--156},
   month = {21--25 May 1996},
   year = "1997",
   address = "Singapore",
   organization = "",
   publisher = "World Scientific",
   note = {},
}


@PHDTHESIS{lam86,
   author = {Leslie Lamport},
   title = "Efficient algorithms for layer assignment problems",
   school = {University of Princeton},
   type = {PhD thesis},
   address = {NJ},
   month = {},
   year = 1996,
   note = {},}

@ARTICLE{neu83,
   author = "Martin Neumann",
   title = "Parallel GRASP with path-relinking for job shop scheduling",
   journal = {International Journal of Geographical Information Science},
   year = "1983",
   volume = "50",
   number = "",
   pages = "841--843",
   month = {},
   note = {}, }


@TECHREPORT{aiex00,
   author = "Renata M. Aiex and Mauricio G. C. Resende and Panos M. Pardalos and Gerardo Toraldo",
   title = "GRASP with path-relinking for the three-index assignment problem",
   institution = "AT\&T Labs-Research",
   type = "",
   number = "",
   address = "",
   month = "",
   year = 2000,
   note = "",}
